<?xml version="1.0" encoding="UTF-8"?><collection xmlns="http://www.loc.gov/MARC21/slim"><record><leader>00553nam--2200193-u-4500</leader><controlfield tag="001">000054535</controlfield><controlfield tag="002">20161230</controlfield><controlfield tag="005">20161230201051</controlfield><controlfield tag="008">120119s1000------------r-----000-0-rus-d</controlfield><datafield ind1=" " ind2=" " tag="040"><subfield code="a">IFIN-HH</subfield></datafield><datafield ind1=" " ind2=" " tag="041"><subfield code="a">rus</subfield></datafield><datafield ind1=" " ind2=" " tag="080"><subfield code="a">539.12.172</subfield></datafield><datafield ind1="1" ind2=" " tag="100"><subfield code="a">Van De Hulst, H.C</subfield></datafield><datafield ind1="1" ind2="0" tag="245"><subfield code="a">Rasseianie sveta malimi ceastitami</subfield><subfield code="c">H.c. van de hulst</subfield></datafield><datafield ind1=" " ind2=" " tag="260"><subfield code="a">Moskva</subfield><subfield code="b">Inostrannoi Literaturi</subfield><subfield code="c">1961</subfield></datafield><datafield ind1=" " ind2=" " tag="300"><subfield code="a">536P</subfield></datafield><datafield ind1=" " ind2=" " tag="500"><subfield code="a">Titlul Original In Limbaa Engleza: Light Scattering By Small Particles</subfield></datafield><datafield ind1=" " ind2=" " tag="852"><subfield code="a">76036</subfield><subfield code="c">539.12</subfield></datafield><datafield ind1=" " ind2=" " tag="CAT"><subfield code="a">Sys</subfield><subfield code="c">20120119</subfield><subfield code="h">151838</subfield></datafield></record></collection>